@article{lwsstcgyo20,
	author = {Luo, M. and Wan, Z. and Sun, Y. and Skorina, E. H. and Tao, W. and Chen, F. and Gopalka, L. and Yang, H. and Onal, C. D.},
	journal = {Frontiers in robotics and AI},
	number = {59924},
	pages = {2},
	title = {Motion Planning and Iterative Learning Control of a Modular Soft Robotic Snake},
	volume = {7},
	year = {2020},
	url = {https://doi.org/10.3389/frobt.2020.599242}
}

@article{wsqsglfo,
	author = {Zhenyu Wan and Yinan Sun and Yun Qin and Erik H. Skorina and Renato Gasoto and Ming Luo and Jie Fu and Cagdas D. Onal},
	journal = {Soft Robotics},
	year = {2022},
	title = {Design, Analysis, and Real-Time Simulation of a 3D Soft Robotic Snake},
	url = {http://doi.org/10.1089/soro.2021.0144}
}

@article{bsf20,
author = {Bittner, S. and Sawicki, G. S. and Full, R. J.},
journal = {Annual Review of Biomedical Engineering},
pages = {341-366},
title = {Design Principles for Soft Robotics: Perception, Behavior, and Movement},
volume = {22},
year = {2020},
url = {https://doi.org/10.1146/annurev-bioeng-080119-014129}
}

@article{cycc21,
author = {Cao, C. and Yu, J. and Cai, S. and Chen, Y.},
journal = {Applied Sciences},
number = {10},
pages = {4687},
title = {Review on Soft Robotics: Materials, Actuators, and Applications},
volume = {11},
year = {2021},
url = {https://doi.org/10.3390/app11104687}
}

@article{klt13,
author = {Kim, S. and Laschi, C. and Trimmer, B.},
journal = {Trends in Biotechnology},
number = {5},
pages = {287-294},
title = {Soft Robotics: A Bioinspired Evolution in Robotics},
volume = {31},
year = {2013},
url = {https://doi.org/10.1016/j.tibtech.2013.03.002}
}

@article{llcl19,
author = {Lin, H. T. and Lee, Y. T. and Chen, C. C. and Lai, W. H.},
journal = {IEEE Robotics and Automation Letters},
number = {2},
pages = {1365-1372},
title = {Development and Locomotion Analysis of a Soft Robot Snake},
volume = {4},
year = {2019},
url = {https://doi.org/10.1109/LRA.2019.2895994}
}

@article{lschw21,
author = {Liu, Y. and Sun, J. and Cao, Y. and He, Z. and Wang, X.},
journal = {Materials Today},
pages = {327-340},
title = {Soft Robotics: Materials, Mechanisms, and Applications},
volume = {43},
year = {2021},
url = {https://doi.org/10.1016/j.mattod.2021.02.003}
}

@article{m18,
journal = {Soft Robotics},
author = {Majidi, C.},
title = {A Perspective-Current Trends and Pros},
year = {2018}
}

@article{rt15,
author = {Rus, D. and Tolley, M. T.},
journal = {Nature},
number = {7553},
pages = {467-475},
title = {Design, fabrication and control of soft robots},
volume = {521},
year = {2015},
url = {https://doi.org/10.1038/nature14543}
}

@article{qwsslo18,
author = {Qin, Y. and Wan, Z. and Sun, Y. and Skorina, E. H. and Luo, M. and Onal, C. D.},
journal = {Soft Robotics},
number = {4},
pages = {448-459},
title = {Design, fabrication and experimental analysis of a 3-D soft robotic snake},
volume = {5},
year = {2018},
url = {https://doi.org/10.1089/soro.2017.0073}
}

@article{Wright2007DesignOA,
  title={Design of a modular snake robot},
  author={Cornell Wright and Aaron M. Johnson and Aaron Peck and Zachary McCord and Allison Naaktgeboren and Philip Gianfortoni and Manuel Gonz{\'a}lez-Rivero and Ross L. Hatton and Howie Choset},
  journal={2007 IEEE/RSJ International Conference on Intelligent Robots and Systems},
  year={2007},
  pages={2609-2614}
}

@inproceedings{Crespi2006AmphiBotIA,
  title={AmphiBot II: An Amphibious Snake Robot that Crawls and Swims using a Central Pattern Generator},
  author={Alessandro Crespi and Auke Jan Ijspeert},
  year={2006}
}

@article{Hirose2004BiologicallyIS,
  title={Biologically Inspired Snake-like Robots},
  author={Shigeo Hirose and Makoto Mori},
  journal={2004 IEEE International Conference on Robotics and Biomimetics},
  year={2004},
  pages={1-7}
}

@article{Matsuno2003ControlOR,
  title={Control of redundant 3D snake robot based on kinematic model},
  author={Fumitoshi Matsuno and Kentarou Suenaga},
  journal={2003 IEEE International Conference on Robotics and Automation (Cat. No.03CH37422)},
  year={2003},
  volume={2},
  pages={2061-2066 vol.2}
}
@article{Paap2000ARS,
  title={A robot snake to inspect broken buildings},
  author={Karl L. Paap and Thomas Christaller and Frank Kirchner},
  journal={Proceedings. 2000 IEEE/RSJ International Conference on Intelligent Robots and Systems (IROS 2000) (Cat. No.00CH37113)},
  year={2000},
  volume={3},
  pages={2079-2082 vol.3}
}

@article{Onal2013AutonomousUS,
  title={Autonomous undulatory serpentine locomotion utilizing body dynamics of a fluidic soft robot},
  author={Cagdas D. Onal and Daniela Rus},
  journal={Bioinspiration \& Biomimetics},
  year={2013},
  volume={8}
}

@article{Skorina2018ReversePA,
  title={Reverse pneumatic artificial muscles (rPAMs): Modeling, integration, and control},
  author={Erik H. Skorina and Ming Luo and Wut Yee Oo and Weijia Tao and Fuchen Chen and Sina Youssefian and Nima Rahbar and Cagdas D. Onal},
  journal={PLoS ONE},
  year={2018},
  volume={13}
}
@article{Palmre2014NanothornEF,
  title={Nanothorn electrodes for ionic polymer-metal composite artificial muscles},
  author={Viljar Palmre and David Pugal and Kwang Jin Kim and Kam K. Leang and Kinji Asaka and Alvo Aabloo},
  journal={Scientific Reports},
  year={2014},
  volume={4}
}

@inbook{doi:10.2514/6.2001-1492,
author = {Yoseph Bar-cohen},
title = {Electroactive polymers as artificial muscles - Reality and challenges},
booktitle = {19th AIAA Applied Aerodynamics Conference},
chapter = {},
pages = {},
doi = {10.2514/6.2001-1492},
URL = {https://arc.aiaa.org/doi/abs/10.2514/6.2001-1492},
eprint = {https://arc.aiaa.org/doi/pdf/10.2514/6.2001-1492}
}

@article{gbzsp20,
author = {Gorissen, B. and Bi, S. and Zhou, Y. and Shintake, J. and Paik, J.},
journal = {IEEE Robotics and Automation Letters},
number = {2},
pages = {1836-1843},
title = {A Soft Hydraulic Snake Robot: Design, Modeling, and Control},
volume = {5},
year = {2020},
url = {https://doi.org/10.1109/LRA.2020.2961969},
}

@article{porwal2015paint,
  title={Paint pollution harmful effects on environment},
  author={Porwal, Tina},
  journal={Social Issues and Environmental Problems},
  volume={3},
  number={9},
  pages={2394--3629},
  year={2015}
}